@online{cloudflareinteldangers,
	title={On the dangers of Intel's frequency scaling},
	author={Krasnov, Vlad},
	url={https://blog.cloudflare.com/on-the-dangers-of-intels-frequency-scaling/},
	year=2017
}
