@manual{inteloptimizationmanual,
	organization="Intel Corporation",
	title="Intel® 64 and IA-32 Architectures Optimization Reference Manual",
	date={2019-04}
}

@book{intelsdmsysprogguide,
	organization="Intel Corporation",
	maintitle="Intel® 64 and IA-32 Architectures Software Developer’s Manual",
	title="System Programming Guide",
	volume={3},
	date={2019-05}
} % TODO organization missing in bibliography output

@online{kernelschedheader,
	title={Linux kernel source code: include/linux/sched.h},
	url={https://git.kernel.org/pub/scm/linux/kernel/git/torvalds/linux.git/tree/include/linux/sched.h?h=v5.1},
	version={5.1}
}